<record><leader>00000cas a22000007a 4500</leader><controlfield tag="001">21769257</controlfield><controlfield tag="008">900611d18921uuuohuuu ne      0    0eng d</controlfield><datafield ind1=" " ind2=" " tag="010"><subfield code="a">sn 90068415 </subfield></datafield><datafield ind1=" " ind2=" " tag="040"><subfield code="a">ONP</subfield><subfield code="b">eng</subfield><subfield code="c">ONP</subfield><subfield code="d">OCLCQ</subfield></datafield><datafield ind1=" " ind2=" " tag="042"><subfield code="a">msc</subfield></datafield><datafield ind1="0" ind2=" " tag="130"><subfield code="a">Loudonville courier (Loudonville, Ohio)</subfield></datafield><datafield ind1="1" ind2="4" tag="245"><subfield code="a">The Loudonville courier.</subfield></datafield><datafield ind1=" " ind2=" " tag="260"><subfield code="a">Loudonville, O. [Ohio] :</subfield><subfield code="b">Ullman &amp; Keifer</subfield></datafield><datafield ind1=" " ind2=" " tag="300"><subfield code="a">v.</subfield></datafield><datafield ind1=" " ind2=" " tag="500"><subfield code="a">Could not find a day or date in the issue at hand.</subfield></datafield><datafield ind1=" " ind2=" " tag="588"><subfield code="a">Description based on: Vol. 9, no. 7 [1892].</subfield></datafield><datafield ind1=" " ind2=" " tag="752"><subfield code="a">United States</subfield><subfield code="b">Ohio</subfield><subfield code="c">Ashland</subfield><subfield code="d">Loudonville.</subfield></datafield></record>